@article{anzellotti2021emotion,
  title = {Leveraging Facial Expressions and Contextual Information to Investigate Opaque Representations of Emotions.},
  author = {Anzellotti, Stefano and Houlihan, Sean Dae and Liburd Jr., Samuel and Saxe, Rebecca},
  date = {2021},
  journaltitle = {Emotion},
  volume = {21},
  number = {1},
  eprint = {31580092},
  eprinttype = {pmid},
  pages = {96--107},
  issn = {1931-1516(Electronic),1528-3542(Print)},
  doi = {10.1037/emo0000685},
  url = {http://doi.apa.org/getdoi.cfm?doi=10.1037/emo0000685}
}

@inproceedings{houlihan2018cogsci,
  title = {A Generative Model of People's Intuitive Theory of Emotions: Inverse Planning in Rich Social Games.},
  booktitle = {Proceedings of the 40th Annual Conference of the Cognitive Science Society},
  author = {Houlihan, Sean Dae and Kleiman-Weiner, Max and Tenenbaum, Joshua B and Saxe, Rebecca},
  date = {2018},
  volume = {40},
  eventtitle = {{{CogSci}}},
  isbn = {978-0-9911967-8-4}
}

@incollection{houlihan2021linking,
  title = {Linking models of {{Theory}} of {{Mind}} and measures of human brain activity},
  booktitle = {The {{Neural Basis}} of {{Mentalizing}}},
  author = {Houlihan, Sean Dae and Tenenbaum, Joshua B. and Saxe, Rebecca},
  editor = {Gilead, Michael and Ochsner, Kevin N.},
  date = {2021},
  pages = {209--235},
  publisher = {{Springer International Publishing}},
  location = {{Cham}},
  doi = {10.1007/978-3-030-51890-5_11},
  url = {https://link.springer.com/10.1007/978-3-030-51890-5_11},
  isbn = {978-3-030-51890-5(Electronic),978-3-030-51889-9(Print)}
}

@inproceedings{houlihan2022emotionreasoning,
  title = {Reasoning about the antecedents of emotions: {{Bayesian}} causal inference over an intuitive theory of mind},
  shorttitle = {Causal reasoning over emotions},
  booktitle = {Proceedings of the 44th {{Annual Conference}} of the {{Cognitive Science Society}}},
  author = {Houlihan, Sean Dae and Ong, Desmond and Cusimano, Maddie and Saxe, Rebecca},
  date = {2022},
  volume = {44},
  pages = {854--861},
  url = {https://escholarship.org/uc/item/7sn3w3n2},
  eventtitle = {{{CogSci}}}
}

@thesis{houlihan2022thesis,
  type = {phdthesis},
  title = {A Computational Framework for Emotion Understanding},
  author = {Houlihan, Sean Dae},
  date = {2022},
  institution = {{Massachusetts Institute of Technology}},
  location = {{Cambridge,  MA,  US}}
}

@article{saxe2017cop,
  title = {Formalizing Emotion Concepts within a {{Bayesian}} Model of Theory of Mind},
  author = {Saxe, Rebecca and Houlihan, Sean Dae},
  date = {2017-10-01},
  journaltitle = {Current Opinion in Psychology},
  volume = {17},
  eprint = {28950962},
  eprinttype = {pmid},
  pages = {15--21},
  issn = {2352-250X},
  doi = {10.1016/j.copsyc.2017.04.019},
  url = {https://www.sciencedirect.com/science/article/pii/S2352250X17300283},
  pmcid = {PMC5637274}
}

@article{vanlutterveld2017neuroimage,
  title = {Source-Space {{EEG}} Neurofeedback Links Subjective Experience with Brain Activity during Effortless Awareness Meditation},
  author = {family=Lutterveld, given=Remko, prefix=van, useprefix=true and Houlihan, Sean Dae and Pal, Prasanta and Sacchet, Matthew D. and McFarlane-Blake, Cinque and Patel, Payal R. and Sullivan, John S. and Ossadtchi, Alex and Druker, Susan and Bauer, Clemens and Brewer, Judson A.},
  date = {2017-05-01},
  journaltitle = {NeuroImage},
  volume = {151},
  eprint = {26921712},
  eprinttype = {pmid},
  pages = {117--127},
  issn = {1053-8119},
  doi = {10.1016/j.neuroimage.2016.02.047},
  url = {https://www.sciencedirect.com/science/article/pii/S1053811916001567},
  pmcid = {PMC5001938}
}
